@ARTICLE(Lya:92,
 author = "A. M. Lyapunov",
 title = {The general problem of the stability of motion},
journal =  "International Journal of Control" ,
 year = "1992",
 volume = "55",
 number = "3",
 pages = "531--534",  
)
