@book{li2011handbook,
  title={Handbook of face recognition},
  author={Li, S.Z. and Jain, A.K.},
  year={2011},
  publisher={Springer-Verlag New York Inc}
}

@book{maltoni2009handbook,
  title={Handbook of fingerprint recognition},
  author={Maltoni, D. and Maio, D. and Jain, A.K. and Prabhakar, S.},
  year={2009},
  publisher={springer}
}

@book{jain1999biometrics,
  title={Biometrics: personal identification in networked society},
  author={Jain, A.K. and Bolle, R. and Pankanti, S.},
  year={1999},
  publisher={kluwer academic publishers}
}