@book{li2011handbook,
  title={Handbook of face recognition},
  author={Li, S.Z. and Jain, A.K.},
  year={2011},
  publisher={Springer}
}


@book{flynn2008handbook,
  title={Handbook of biometrics},
  author={Flynn, P. and Jain, A.K. and Ross, A.A.},
  year={2008},
  publisher={Springer}
}

@book{maltoni2009handbook,
  title={Handbook of fingerprint recognition},
  author={Maltoni, D. and Maio, D. and Jain, A.K. and Prabhakar, S.},
  year={2009},
  publisher={springer}
}

@book{jain1999biometrics,
  title={Biometrics: personal identification in networked society},
  author={Jain, A.K. and Bolle, R. and Pankanti, S.},
  year={1999},
  publisher={kluwer academic publishers}
}

@inproceedings{xiao2005security,
  title={Security issues in biometric authentication},
  author={Xiao, Q.},
  booktitle={Information Assurance Workshop, 2005. IAW'05. Proceedings from the Sixth Annual IEEE SMC},
  pages={8--13},
  year={2005},
  organization={IEEE}
}

% author = {Chakka, M.M. and Anjos, A. and Marcel, S. and Tronci, R. and Muntoni, D. and Fadda, G. and Pili, M. and Sirena, N. and Murgia, G. and Ristori, M. and Roli, F. and Yan, J. and Yi, D. and Lei, Z. and Zhang, Z. and Z.Li, S. and Schwartz, W.R. and Rocha, A. and Pedrini, H. and Lorenzo-Navarro, J. and Castrill{\'{o}}n-Santana, M. and Maatta, J. and Hadid, A. and Pietikainen, M.},

@INPROCEEDINGS{ChakkaIJCB2011,
         author = {Chakka, M.M. and Anjos, A. and Marcel, S. and Tronci, R.},
       keywords = {2-D Face, Anti-spoofing, Competition, Counter-Measures, Face Recognition, Replay Attacks, Spoofing Attacks},
       projects = {Idiap, TABULA RASA},
          month = oct,
          title = {Competition on Counter Measures to 2-D Facial Spoofing Attacks},
      booktitle = {Proceedings of IAPR IEEE International Joint Conference on Biometrics (IJCB), Washington DC, USA},
           year = {2011},
       abstract = {Spoofing identities using photographs is one of the most common techniques to attack 2-D face recognition systems. There seems to exist no comparative studies of different techniques using the same protocols and data. The motivation behind this competition is to compare the performance of different state-of-the-art algorithms on the same database using a unique evaluation method. Six different teams from universities around the world have participated in the contest. Use of one
or multiple techniques from motion, texture analysis and liveness detection appears to be the common trend in this competition. Most of the algorithms are able to clearly separate spoof attempts from real accesses. The results suggest the investigation of more complex attacks.},
            pdf = {http://publications.idiap.ch/downloads/papers/2011/Chakka_IJCB2011_2011.pdf}
}


@INPROCEEDINGS{Chingovska_ICB2013_2013,
   author = {Chingovska, Ivana and others},
   keywords = {Anti-spoofing, Competition, Counter-Measures, face spoofing, presentation attack},
   title = {The 2nd competition on counter measures to 2D facial spoofing attacks},
   booktitle = {International Conference on Biometrics},
   month = jun,
   year = {2013}
}

@inproceedings{FreitasPereira_ICB_2013,
  author = {de Freitas Pereira, Tiago and Anjos, Andr{\'{e}} and De Martino, Jos{\'{e}} Mario and Marcel, S{\'{e}}bastien},
  month = Jun,
  title = {Can face anti-spoofing countermeasures work in a real world scenario?},
  booktitle = {International Conference on Biometrics 2013},
  year = {2013},
}

@inproceedings{Pereira_LBP_2012,
  author = {Pereira, Tiago de Freitas and Anjos, Andr{\'{e}} and De Martino, Jos{\'{e}} Mario and Marcel, S{\'{e}}bastien},
  keywords = {Attack, Countermeasures, Counter-Spoofing, Face Recognition, Liveness Detection, Replay, Spoofing},
  month = nov,
  year = {2012},
  title = {LBP-TOP based countermeasure against facial spoofing attacks},
  booktitle = {International Workshop on Computer Vision With Local Binary Pattern Variants - ACCV},
}

@INPROCEEDINGS{AnjosIJCB2011,
  author = {Anjos, Andr{\'{e}} and Marcel, S{\'{e}}bastien},
  keywords = {Attack, Counter-Measures, Counter-Spoofing, Disguise, Dishonest Acts, Face Recognition, Face Verification, Forgery, Liveness Detection, Replay, Spoofing, Trick},
  month = oct,
  title = {Counter-Measures to Photo Attacks in Face Recognition: a public database and a baseline},
  booktitle = {International Joint Conference on Biometrics 2011},
  year = {2011},
  pdf = {http://publications.idiap.ch/downloads/papers/2011/Anjos_IJCB_2011.pdf}
}

@article{kollreider2009non,
  title={Non-intrusive liveness detection by face images},
  author={Kollreider, K. and Fronthaler, H. and Bigun, J.},
  journal={Image and Vision Computing},
  volume={27},
  number={3},
  pages={233--244},
  year={2009},
  publisher={Elsevier}
}


@article{li2004live,
  title={Live face detection based on the analysis of fourier spectra},
  author={Li, J. and Wang, Y. and Tan, T. and Jain, A.K.},
  journal={Biometric Technology for Human Identification},
  volume={5404},
  pages={296--303},
  year={2004}
}



@ARTICLE{maatta2011face, 
author={Maatta and, J. and Hadid, A. and Pietikaandinen, M.}, 
journal={Biometrics, IET}, title={Face spoofing detection from single images using texture and local shape analysis}, 
year={2012}, 
month={march }, 
volume={1}, 
number={1}, 
pages={3 -10}, 
keywords={face biometric systems;face spoofing detection;facial image analysis;fast linear classification scheme;image quality assessment;light reflection;local shape analysis;low-level feature descriptors;printing artefact characterisation;printing quality defects;score level fusion;spoofing attacks;texture analysis;biometrics (access control);face recognition;image classification;image texture;}, 
doi={10.1049/iet-bmt.2011.0009}, 
ISSN={2047-4938},}


%@inproceedings{maatta2011face,
 % title={Face spoofing detection from single images using micro-texture analysis},
 % author={Maatta, J. and Hadid, A. and Pietikainen, M.},
  %booktitle={Biometrics (IJCB), 2011 International Joint Conference on},
  %pages={1--7},
  %year={2011},
  %organization={IEEE}
%}

@INPROCEEDINGS{ChingovskaBIOSIG2012,
author = {Chingovska, Ivana and Anjos, Andr{\'{e}} and Marcel, S{\'{e}}bastien},
keywords = {Attack, Counter-Measures, Counter-Spoofing, Face Recognition, Liveness Detection, Replay, Spoofing},
month = sep,
title = {On the Effectiveness of Local Binary Patterns in Face Anti-spoofing},
booktitle = {IEEE BIOSIG 2012},
year = {2012},
}


@inproceedings{zhang1995video,
  title={Video parsing, retrieval and browsing: an integrated and content-based solution},
  author={Zhang, H.J. and Low, C.Y. and Smoliar, S.W. and Wu, J.H.},
  booktitle={Proceedings of the third ACM international conference on Multimedia},
  pages={15--24},
  year={1995},
  organization={ACM}
}

@inproceedings{bai2010physics,
  title={Is physics-based liveness detection truly possible with a single image?},
  author={Bai, Jiamin and Ng, Tian-Tsong and Gao, Xinting and Shi, Yun-Qing},
  booktitle={Circuits and Systems (ISCAS), Proceedings of 2010 IEEE International Symposium on},
  pages={3425--3428},
  year={2010},
  organization={IEEE}
}

%NUAA Database
@article{tan2010face,
  title={Face liveness detection from a single image with sparse low rank bilinear discriminative model},
  author={Tan, X. and Li, Y. and Liu, J. and Jiang, L.},
  journal={Computer Vision--ECCV 2010},
  pages={504--517},
  year={2010},
  publisher={Springer}
}

@inproceedings{pan2007eyeblink,
  title={Eyeblink-based anti-spoofing in face recognition from a generic webcamera},
  author={Pan, G. and Sun, L. and Wu, Z. and Lao, S.},
  booktitle={Computer Vision, 2007. ICCV 2007. IEEE 11th International Conference on Computer Vision},
  pages={1--8},
  year={2007},
  organization={IEEE}
}

@inproceedings{zhangface,
  title={A face antispoofing database with diverse attacks},
  author={Zhang, Z. and Yan, J. and Liu, S. and Lei, Z. and Yi, D. and Li, S.Z.},
  booktitle={Biometrics (ICB), 2012 5th IAPR International Conference on Biometrics},
  pages={26--31},
  year={2012},
  organization={IEEE}
}


@ARTICLE{zhao2007dynamic, 
author={Guoying Zhao and Pietikainen, M.}, 
journal={Pattern Analysis and Machine Intelligence, IEEE Transactions on}, title={Dynamic Texture Recognition Using Local Binary Patterns with an Application to Facial Expressions}, 
year={2007}, 
month={june }, 
volume={29}, 
number={6}, 
pages={915 -928}, 
keywords={dynamic texture recognition;facial expressions;facial image analysis;volume local binary patterns;face recognition;image texture;Algorithms;Artificial Intelligence;Biometry;Computer Security;Face;Facial Expression;Humans;Image Enhancement;Image Interpretation, Computer-Assisted;Pattern Recognition, Automated;Reproducibility of Results;Sensitivity and Specificity;Signal Processing, Computer-Assisted;Video Recording;}, 
doi={10.1109/TPAMI.2007.1110}, 
ISSN={0162-8828},}



@inproceedings{Anjos_Idiap-RR-25-2012,
  author = {A. Anjos AND L. El Shafey AND R. Wallace AND M. G\"unther AND C. McCool AND S. Marcel},
  title = {Bob: a free signal processing and machine learning toolbox for researchers},
  year = {2012},
  month = oct,
  booktitle = {20th ACM Conference on Multimedia Systems (ACMMM), Nara, Japan},
  publisher = {ACM Press},
}


@inproceedings{froba2004face,
  title={Face detection with the modified census transform},
  author={Froba, B. and Ernst, A.},
  booktitle={Automatic Face and Gesture Recognition, 2004. Proceedings. Sixth IEEE International Conference on},
  pages={91--96},
  year={2004},
  organization={IEEE}
}



%%%%%%%%%%%%
% OTHER BIOMETRICS
%%%%%%%%%%%%

%%Figerprint

@inproceedings{uludag2004attacks,
  title={Attacks on biometric systems: a case study in fingerprints},
  author={Uludag, U. and Jain, A.K.},
  booktitle={Proc. SPIE-EI},
  pages={622--633},
  year={2004}
}


@article{leyden2002gummi,
  title={Gummi bears defeat fingerprint sensors},
  author={Leyden, J.},
  journal={The Register},
  volume={16},
  year={2002}
}

@inproceedings{matsumoto2002impact,
  title={Impact of artificial gummy fingers on fingerprint systems},
  author={Matsumoto, T. and Matsumoto, H. and Yamada, K. and Hoshino, S.},
  booktitle={Proceedings of SPIE},
  volume={4677},
  number={1},
  pages={275--289},
  year={2002}
}


%%%IRIS
@inproceedings{kanematsu2007highly,
  title={Highly reliable liveness detection method for iris recognition},
  author={Kanematsu, M. and Takano, H. and Nakamura, K.},
  booktitle={SICE, 2007 Annual Conference},
  pages={361--364},
  year={2007},
  organization={IEEE}
}

@inproceedings{pacut2006aliveness,
  title={Aliveness detection for iris biometrics},
  author={Pacut, A. and Czajka, A.},
  booktitle={Carnahan Conferences Security Technology, Proceedings 2006 40th Annual IEEE International},
  pages={122--129},
  year={2006},
  organization={IEEE}
}

@inproceedings{johnson2010multimodal,
  title={Multimodal fusion vulnerability to non-zero effort (spoof) imposters},
  author={Johnson, PA and Tan, B. and Schuckers, S.},
  booktitle={Information Forensics and Security (WIFS), 2010 IEEE International Workshop on},
  pages={1--5},
  year={2010},
  organization={IEEE}
}

%%%Speaker
@inproceedings{chetty2004liveness,
  title={Liveness verification in audio-video speaker authentication},
  author={Chetty, G. and Wagner, M.},
  booktitle={Proceeding of International Conference on Spoken Language Processing ICSLP},
  volume={4},
  pages={2509--2512},
  year={2004}
}

@inproceedings{eveno2005speaker,
  title={A speaker independent" liveness" test for audio-visual biometrics},
  author={Eveno, N. and Besacier, L.},
  booktitle={Ninth European Conference on Speech Communication and Technology},
  year={2005}
}


%%%% LBP and face recog
@INPROCEEDINGS{Ahonen04,
  author = 				{Ahonen, T. and Hadid, Abdenour and Pietikainen, Matti},
  title = 				{{Face Recognition with Local Binary Pattern}},
  booktitle = 		{{Eighth European Conference Computer Vision}},
  year = 					{2004},
  pages = 				{469--481}
}

@article{ahonen2006face,
 	author = 				{Ahonen, T. and Hadid, A. and Pietikainen, M.},
 	title = 				{{Face Description with Local Binary Patterns: Application to Face Recognition}},
 	journal = 			{{IEEE Transactions on Pattern Analysis and Machine Inteligence}},
 	volume = 				{28},
 	issue = 				{12},
 	month = 				{December},
 	year = 					{2006},
 	issn = 					{0162-8828},
 	pages = 				{2037--2041},
 	numpages = 			{5},
 	url = 					{http://dx.doi.org/10.1109/TPAMI.2006.244},
 	doi = 					{http://dx.doi.org/10.1109/TPAMI.2006.244},
 	acmid = 				{1176245},
 	publisher = 		{IEEE Computer Society},
 	address = 			{Washington, DC, USA},
 	keywords = 			{Facial image representation, local binary pattern, component-based face recognition, texture features, face misalignment.},
}

@INPROCEEDINGS{Rodriguez06,
  author = 				{Rodriguez, Y. and Marcel, S.},
  title = 				{{Face Authentication Using Adapted Local Binary Pattern Histograms}},
  booktitle = 		{{European Conference on Computer Vision (ECCV)}},
  year = 					{2006},
  pages = 				{321--332}
}

@book{inen2011computer,
  title={Computer Vision Using Local Binary Patterns},
  author={Inen, M.P. and Pietik{\"a}inen, M. and Hadid, A. and Zhao, G. and Ahonen, T.},
  volume={40},
  year={2011},
  publisher={Springer Verlag}
}

@inproceedings{trefny2010extended,
  title={Extended set of local binary patterns for rapid object detection},
  author={Trefn{\`y}, J. and Matas, J.},
  booktitle={Proceedings of the Computer Vision Winter Workshop},
  volume={2010},
  year={2010}
}


@inproceedings{Komulainen_ICB_2013,
  author = {Komulainen, Jukka and Anjos, Andr{\'{e}} and Marcel, S{\'{e}}bastien and Hadid, Abdenour and Pietik{\"a}inen, Matti},
  month = Jun,
  title = {Complementary Countermeasures for Detecting Scenic Face Spoofing Attacks},
  booktitle = {International Conference on Biometrics},
  year = {2013},
}

@INPROCEEDINGS{Chingovska_CVPRWORKSHOPONBIOMETRICS_2013,
     author = {Chingovska, Ivana and Anjos, Andr{\'{e}} and Marcel, S{\'{e}}bastien},
   keywords = {biometric recognition, Counter-Measures, Fusion, Spoofing, trustworthy, vulnerability},
   projects = {Idiap, TABULA RASA, BEAT},
      month = jun,
      title = {Anti-spoofing in action: joint operation with a verification system},
  booktitle = {Proceedings of CVPR 2013},
       year = {2013},
   location = {Portland, Oregon},
}

@inproceedings{JukkaLBP2012,
  author = {Komulainen, J., Hadid, A., Pietik\"{a}inen, M.},
  keywords = {Attack, Countermeasures, Counter-Spoofing, Face Recognition, Liveness Detection, Replay, Spoofing},
  month = nov,
  year = {2012},
  title = {Face spoofing detection using dynamic texture},
  booktitle = {International Workshop on Computer Vision With Local Binary Pattern Variants - ACCV},
}

@inproceedings{Pereira_LBP_2012,
  author = {de Freitas Pereira, Tiago and Anjos, Andr{\'{e}} and De Martino, Jos{\'{e}} Mario and Marcel, S{\'{e}}bastien},
  keywords = {Attack, Countermeasures, Counter-Spoofing, Face Recognition, Liveness Detection, Replay, Spoofing},
  month = nov,
  year = {2012},
  title = {{LBP-TOP based countermeasure against facial spoofing attacks}},
  booktitle = {International Workshop on Computer Vision With Local Binary Pattern Variants - ACCV},
}


@INPROCEEDINGS{davideo,
  title={Video-Based Face Spoofing Detection through Visual Rhythm Analysis},
  author={da Silva Pinto, A. and Pedrini, H. and Schwartz, W.R. and Rocha, A.},
  year = {2012},
  month = {august},
  booktitle = {SIBGRAPI (XXV Conference on Graphics, Patterns and Images)},
  editor = {C. Freitas, L. Silva, R. Scopigno, and S. Sarkar},
  address = {Ouro Preto, MG, Brazil},
  url = {http://www.decom.ufop.br/sibgrapi2012/http://www.decom.ufop.br/sibgrapi2012/}  
}

@inproceedings{zhong1997spatio,
  title={Spatio-temporal video search using the object based video representation},
  author={Zhong, Di and Chang, Shih-Fu},
  booktitle={Image Processing, 1997. Proceedings., International Conference on},
  volume={1},
  pages={21--24},
  year={1997},
  organization={IEEE}
}


@inproceedings{BlackHat2009,
  author = {Duc, N. M., Minh, B. Q.},
  year = {2009},
  title = {Your face is not your password},
  booktitle = {Black Hat conference},
}



@article{kuncheva2003measures,
 author = {Kuncheva, Ludmila I. and Whitaker, Christopher J.},
 title = {Measures of Diversity in Classifier Ensembles and Their Relationship with the Ensemble Accuracy},
 journal = {Mach. Learn.},
 issue_date = {May 2003},
 volume = {51},
 number = {2},
 month = may,
 year = {2003},
 issn = {0885-6125},
 pages = {181--207},
 numpages = {27},
 url = {http://dx.doi.org/10.1023/A:1022859003006},
 doi = {10.1023/A:1022859003006},
 acmid = {640232},
 publisher = {Kluwer Academic Publishers},
 address = {Hingham, MA, USA},
 keywords = {dependency and diversity, majority vote, multiple classifiers ensemble/committee of learners, pattern recognition},
} 


@INPROCEEDINGS{QimingZhu, 
author={Qiming Zhu and Chatlani, N. and Soraghan, J.J.}, 
booktitle={Signal Processing Conference (EUSIPCO), 2012 Proceedings of the 20th European}, 
title={1-D Local binary patterns based VAD used INHMM-based improved speech recognition}, 
year={2012}, 
pages={1633-1637}, 
keywords={hidden Markov models;signal denoising;speech recognition;1-D LBP;1D local binary pattern;AEMD;INHMM-based improved speech recognition;SNR;VAD technique;adaptive empirical model decomposition;hidden Markov model;noise figure -5 dB;noise figure 15 dB;speech activity detection;speech denoising;speech signal segmentation;voice activation detection;Hidden Markov models;Noise;Noise measurement;Speech;Speech enhancement;Speech recognition;Hidden Markov Model;Local Binary Patterns;Noise Reduction;Speech Enhancement using Adaptive Empirical Model Decomposition (AEMD);Voice Activity Detection}, 
ISSN={2219-5491},}


@INPROCEEDINGS{Galbally_ICB-2012, 
author={Galbally, J. and Ortiz-Lopez, J. and Fierrez, J. and Ortega-Garcia, J.}, 
booktitle={Biometrics (ICB), 2012 5th IAPR International Conference on}, 
title={Iris liveness detection based on quality related features}, 
year={2012}, 
pages={271-276}, 
keywords={iris recognition;visual databases;antispoofing technique;direct attacks;fake iris samples;high quality printed images;iris database;iris liveness detection;protection scheme;quality related features;real iris samples;Biomedical imaging;Databases;Feature extraction;Frequency conversion;Frequency measurement;Iris;Iris recognition}, 
doi={10.1109/ICB.2012.6199819},}

@INPROCEEDINGS{ZhuoshiWei, 
author={Zhuoshi Wei and Xianchao Qiu and Zhenan Sun and Tieniu Tan}, 
booktitle={Pattern Recognition, 2008. ICPR 2008. 19th International Conference on}, 
title={Counterfeit iris detection based on texture analysis}, 
year={2008}, 
pages={1-4}, 
keywords={biometrics (access control);edge detection;feature extraction;image texture;matrix algebra;visual databases;biometrics;color contact lens;cooccurrence matrix;counterfeit iris detection;iris edge sharpness;iris-texton feature;liveness detection problem;state- of-the-art methods;texture analysis;visual primitives;Biometrics;Control systems;Counterfeiting;Gabor filters;Histograms;Image edge detection;Image segmentation;Iris recognition;Lenses;Robustness}, 
doi={10.1109/ICPR.2008.4761673}, 
ISSN={1051-4651},}

@INPROCEEDINGS{MartinezDiaz2006, 
author={Martinez-Diaz, M. and Fierrez-Aguilar, J. and Alonso-Fernandez, F. and Ortega-Garcia, J. and Siguenza, J.A.}, 
booktitle={Carnahan Conferences Security Technology, Proceedings 2006 40th Annual IEEE International}, 
title={Hill-Climbing and Brute-Force Attacks on Biometric Systems: A Case Study in Match-on-Card Fingerprint Verification}, 
year={2006}, 
pages={151-159}, 
keywords={fingerprint identification;security of data;biometric systems;brute-force attacks;hill-climbing attack;match-on-card fingerprint verification;minutiae-based systems;synthetically generated templates;Biometrics;Feature extraction;Fingerprint recognition;HDTV;Image matching;Information security;Invasive software;NIST;Robustness;Software performance}, 
doi={10.1109/CCST.2006.313444},}

@article{hill2001risk,
  title={Risk of masquerade arising from the storage of biometrics},
  author={Hill, Christopher James},
  journal={Bachelor of Science thesis, The Department of Computer Science, Australian National University},
  year={2001}
}





%%%%%%%%%%%
% WORKSHOP
%%%%%%%%%%%


@INPROCEEDINGS{Chakka_IJCB2011_2011,
         author = {Chakka, M.M. and Anjos, A. and Marcel, S. and Tronci, R. and Muntoni, D. and Fadda, G. and Pili, M. and Sirena, N. and Murgia, G. and Ristori, M. and Roli, F. and Yan, J. and Yi, D. and Lei, Z. and Zhang, Z. and Z.Li, S. and Schwartz, W.R. and Rocha, A. and Pedrini, H. and Lorenzo-Navarro, J. and Castrill{\'{o}}n-Santana, M. and Maatta, J. and Hadid, A. and Pietikainen, M.},
       keywords = {2-D Face, Anti-spoofing, Competition, Counter-Measures, Face Recognition, Replay Attacks, Spoofing Attacks},
       projects = {Idiap, TABULA RASA},
          month = oct,
          title = {Competition on Counter Measures to 2-D Facial Spoofing Attacks},
      booktitle = {Proceedings of IAPR IEEE International Joint Conference on Biometrics (IJCB), Washington DC, USA},
           year = {2011},
       abstract = {Spoofing identities using photographs is one of the most common techniques to attack 2-D face recognition systems. There seems to exist no comparative studies of different techniques using the same protocols and data. The motivation behind this competition is to compare the performance of different state-of-the-art algorithms on the same database using a unique evaluation method. Six different teams from universities around the world have participated in the contest. Use of one
or multiple techniques from motion, texture analysis and liveness detection appears to be the common trend in this competition. Most of the algorithms are able to clearly separate spoof attempts from real accesses. The results suggest the investigation of more complex attacks.},
            pdf = {http://publications.idiap.ch/downloads/papers/2011/Chakka_IJCB2011_2011.pdf}
}


@INPROCEEDINGS{Anjos_IJCB_2011,
  author = {Anjos, Andr{\'{e}} and Marcel, S{\'{e}}bastien},
  keywords = {Attack, Counter-Measures, Counter-Spoofing, Disguise, Dishonest Acts, Face Recognition, Face Verification, Forgery, Liveness Detection, Replay, Spoofing, Trick},
  month = oct,
  title = {Counter-Measures to Photo Attacks in Face Recognition: a public database and a baseline},
  journal = {International Joint Conference on Biometrics 2011},
  year = {2011},
  pdf = {http://publications.idiap.ch/downloads/papers/2011/Anjos_IJCB_2011.pdf}
}

@article{kollreider2009non,
  title={Non-intrusive liveness detection by face images},
  author={Kollreider, K. and Fronthaler, H. and Bigun, J.},
  journal={Image and Vision Computing},
  volume={27},
  number={3},
  pages={233--244},
  year={2009},
  publisher={Elsevier}
}


@article{li2004live,
  title={Live face detection based on the analysis of fourier spectra},
  author={Li, J. and Wang, Y. and Tan, T. and Jain, A.K.},
  journal={Biometric Technology for Human Identification},
  volume={5404},
  pages={296--303},
  year={2004}
}



@ARTICLE{maatta2011face, 
author={Maatta and, J. and Hadid, A. and Pietika andinen, M.}, 
journal={Biometrics, IET}, title={Face spoofing detection from single images using texture and local shape analysis}, 
year={2012}, 
month={march }, 
volume={1}, 
number={1}, 
pages={3 -10}, 
keywords={face biometric systems;face spoofing detection;facial image analysis;fast linear classification scheme;image quality assessment;light reflection;local shape analysis;low-level feature descriptors;printing artefact characterisation;printing quality defects;score level fusion;spoofing attacks;texture analysis;biometrics (access control);face recognition;image classification;image texture;}, 
doi={10.1049/iet-bmt.2011.0009}, 
ISSN={2047-4938},}


%@inproceedings{maatta2011face,
 % title={Face spoofing detection from single images using micro-texture analysis},
 % author={Maatta, J. and Hadid, A. and Pietikainen, M.},
  %booktitle={Biometrics (IJCB), 2011 International Joint Conference on},
  %pages={1--7},
  %year={2011},
  %organization={IEEE}
%}

@INPROCEEDINGS{Chingovska_BIOSIG_2012,
author = {Chingovska, Ivana and Anjos, Andr{\'{e}} and Marcel, S{\'{e}}bastien},
keywords = {Attack, Counter-Measures, Counter-Spoofing, Face Recognition, Liveness Detection, Replay, Spoofing},
month = sep,
title = {On the Effectiveness of Local Binary Patterns in Face Anti-spoofing},
journal = {IEEE BIOSIG 2012},
year = {2012},
}


%NUAA Database
@article{tan2010face,
  title={Face liveness detection from a single image with sparse low rank bilinear discriminative model},
  author={Tan, X. and Li, Y. and Liu, J. and Jiang, L.},
  journal={Computer Vision--ECCV 2010},
  pages={504--517},
  year={2010},
  publisher={Springer}
}

@inproceedings{pan2007eyeblink,
  title={Eyeblink-based anti-spoofing in face recognition from a generic webcamera},
  author={Pan, G. and Sun, L. and Wu, Z. and Lao, S.},
  booktitle={Computer Vision, 2007. ICCV 2007. IEEE 11th International Conference on Computer Vision},
  pages={1--8},
  year={2007},
  organization={IEEE}
}

@inproceedings{zhangface,
  title={A face antispoofing database with diverse attacks},
  author={Zhang, Z. and Yan, J. and Liu, S. and Lei, Z. and Yi, D. and Li, S.Z.},
  booktitle={Biometrics (ICB), 2012 5th IAPR International Conference on Biometrics},
  pages={26--31},
  year={2012},
  organization={IEEE}
}


@ARTICLE{zhao2007dynamic, 
author={Guoying Zhao and Pietikainen, M.}, 
journal={Pattern Analysis and Machine Intelligence, IEEE Transactions on}, title={Dynamic Texture Recognition Using Local Binary Patterns with an Application to Facial Expressions}, 
year={2007}, 
month={june }, 
volume={29}, 
number={6}, 
pages={915 -928}, 
keywords={dynamic texture recognition;facial expressions;facial image analysis;volume local binary patterns;face recognition;image texture;Algorithms;Artificial Intelligence;Biometry;Computer Security;Face;Facial Expression;Humans;Image Enhancement;Image Interpretation, Computer-Assisted;Pattern Recognition, Automated;Reproducibility of Results;Sensitivity and Specificity;Signal Processing, Computer-Assisted;Video Recording;}, 
doi={10.1109/TPAMI.2007.1110}, 
ISSN={0162-8828},}



@inproceedings{Anjos_Idiap-RR-25-2012,
  author = {A. Anjos AND L. El Shafey AND R. Wallace AND M. G\"unther AND C. McCool AND S. Marcel},
  title = {Bob: a free signal processing and machine learning toolbox for researchers},
  year = {2012},
  month = oct,
  booktitle = {20th ACM Conference on Multimedia Systems (ACMMM), Nara, Japan},
  publisher = {ACM Press},
}


@inproceedings{froba2004face,
  title={Face detection with the modified census transform},
  author={Froba, B. and Ernst, A.},
  booktitle={Automatic Face and Gesture Recognition, 2004. Proceedings. Sixth IEEE International Conference on},
  pages={91--96},
  year={2004},
  organization={IEEE}
}



%%%%%%%%%%%%
% OTHER BIOMETRICS
%%%%%%%%%%%%

%%Figerprint

@inproceedings{uludag2004attacks,
  title={Attacks on biometric systems: a case study in fingerprints},
  author={Uludag, U. and Jain, A.K.},
  booktitle={Proc. SPIE-EI},
  pages={622--633},
  year={2004}
}


@article{leyden2002gummi,
  title={Gummi bears defeat fingerprint sensors},
  author={Leyden, J.},
  journal={The Register},
  volume={16},
  year={2002}
}

@inproceedings{matsumoto2002impact,
  title={Impact of artificial gummy fingers on fingerprint systems},
  author={Matsumoto, T. and Matsumoto, H. and Yamada, K. and Hoshino, S.},
  booktitle={Proceedings of SPIE},
  volume={4677},
  number={1},
  pages={275--289},
  year={2002}
}


%%%IRIS
@inproceedings{kanematsu2007highly,
  title={Highly reliable liveness detection method for iris recognition},
  author={Kanematsu, M. and Takano, H. and Nakamura, K.},
  booktitle={SICE, 2007 Annual Conference},
  pages={361--364},
  year={2007},
  organization={IEEE}
}

@inproceedings{pacut2006aliveness,
  title={Aliveness detection for iris biometrics},
  author={Pacut, A. and Czajka, A.},
  booktitle={Carnahan Conferences Security Technology, Proceedings 2006 40th Annual IEEE International},
  pages={122--129},
  year={2006},
  organization={IEEE}
}

@inproceedings{johnson2010multimodal,
  title={Multimodal fusion vulnerability to non-zero effort (spoof) imposters},
  author={Johnson, PA and Tan, B. and Schuckers, S.},
  booktitle={Information Forensics and Security (WIFS), 2010 IEEE International Workshop on},
  pages={1--5},
  year={2010},
  organization={IEEE}
}

%%%Speaker
@inproceedings{chetty2004liveness,
  title={Liveness verification in audio-video speaker authentication},
  author={Chetty, G. and Wagner, M.},
  booktitle={Proceeding of International Conference on Spoken Language Processing ICSLP},
  volume={4},
  pages={2509--2512},
  year={2004}
}

@inproceedings{eveno2005speaker,
  title={A speaker independent" liveness" test for audio-visual biometrics},
  author={Eveno, N. and Besacier, L.},
  booktitle={Ninth European Conference on Speech Communication and Technology},
  year={2005}
}


%%%% LBP and face recog
@INPROCEEDINGS{Ahonen04,
  author = 				{Ahonen, T. and Hadid, Abdenour and Pietikainen, Matti},
  title = 				{{Face Recognition with Local Binary Pattern}},
  booktitle = 		{{Eighth European Conference Computer Vision}},
  year = 					{2004},
  pages = 				{469--481}
}

@article{ahonen2006face,
 	author = 				{Ahonen, T. and Hadid, A. and Pietikainen, M.},
 	title = 				{{Face Description with Local Binary Patterns: Application to Face Recognition}},
 	journal = 			{{IEEE Transactions on Pattern Analysis and Machine Inteligence}},
 	volume = 				{28},
 	issue = 				{12},
 	month = 				{December},
 	year = 					{2006},
 	issn = 					{0162-8828},
 	pages = 				{2037--2041},
 	numpages = 			{5},
 	url = 					{http://dx.doi.org/10.1109/TPAMI.2006.244},
 	doi = 					{http://dx.doi.org/10.1109/TPAMI.2006.244},
 	acmid = 				{1176245},
 	publisher = 		{IEEE Computer Society},
 	address = 			{Washington, DC, USA},
 	keywords = 			{Facial image representation, local binary pattern, component-based face recognition, texture features, face misalignment.},
}

@INPROCEEDINGS{Rodriguez06,
  author = 				{Rodriguez, Y. and Marcel, S.},
  title = 				{{Face Authentication Using Adapted Local Binary Pattern Histograms}},
  booktitle = 		{{European Conference on Computer Vision (ECCV)}},
  year = 					{2006},
  pages = 				{321--332}
}

@book{inen2011computer,
  title={Computer Vision Using Local Binary Patterns},
  author={Inen, M.P. and Pietik{\"a}inen, M. and Hadid, A. and Zhao, G. and Ahonen, T.},
  volume={40},
  year={2011},
  publisher={Springer Verlag}
}

@article{ojala1996comparative,
  title={A comparative study of texture measures with classification based on featured distributions},
  author={Ojala, Timo and Pietik{\"a}inen, Matti and Harwood, David},
  journal={Pattern recognition},
  volume={29},
  number={1},
  pages={51--59},
  year={1996},
  publisher={Elsevier}
}

@article{ojala2002multiresolution,
  title={Multiresolution gray-scale and rotation invariant texture classification with local binary patterns},
  author={Ojala, Timo and Pietikainen, Matti and Maenpaa, Topi},
  journal={Pattern Analysis and Machine Intelligence, IEEE Transactions on},
  volume={24},
  number={7},
  pages={971--987},
  year={2002},
  publisher={IEEE}
}

@inproceedings{trefny2010extended,
  title={Extended set of local binary patterns for rapid object detection},
  author={Trefn{\`y}, J. and Matas, J.},
  booktitle={Proceedings of the Computer Vision Winter Workshop},
  volume={2010},
  year={2010}
}

@book{chan2007multi,
  title={Multi-scale local binary pattern histograms for face recognition},
  author={Chan, Chi-Ho and Kittler, Josef and Messer, Kieron},
  year={2007},
  publisher={Springer}
}

@inproceedings{ahonen2004face,
  title={Face recognition with local binary patterns},
  author={Ahonen, Timo and Hadid, Abdenour and Pietik{\"a}inen, Matti},
  booktitle={Computer Vision-ECCV 2004},
  pages={469--481},
  year={2004},
  publisher={Springer}
}




